% Encoding: UTF-8

@InProceedings{GJT14,
  author    = {G. Chareyron and J. Da-Rugna and T. Raimbault},
  title     = {Big data: A new challenge for tourism},
  booktitle = {2014 IEEE International Conference on Big Data (Big Data)},
  year      = {2014},
  pages     = {5-7},
  address   = {Washington, DC, USA},
  month     = {Oct},
  publisher = {IEEE},
  doi       = {10.1109/BigData.2014.7004475},
  keywords  = {Big Data;social networking (online);travel industry;big data;digital tourist survey field;social network;tourism;tourist destination;Big data;Communities;Data mining;Data visualization;Europe;Photography;Social network services;big data;social network;tourist behavior},
}

@TechReport{heerschap2014innovation,
  author      = {Heerschap, Nico and Ortega, Shirley and Priem, Alex and Offermans, May},
  title       = {Innovation of tourism statistics through the use of new big data sources},
  institution = {Statistics Netherlands},
  year        = {2014},
  booktitle   = {12th Global Forum on Tourism Statistics, Prague, CZ},
}

@Article{XIE2017101,
  author   = {Karen L. Xie and Kevin Kam Fung So and Wei Wang},
  title    = {Joint effects of management responses and online reviews on hotel financial performance: A data-analytics approach},
  journal  = {International Journal of Hospitality Management},
  year     = {2017},
  volume   = {62},
  number   = {Supplement C},
  pages    = {101 - 110},
  issn     = {0278-4319},
  doi      = {https://doi.org/10.1016/j.ijhm.2016.12.004},
  keywords = {Management response, Online reviews, Financial performance, Data analytics, Social media, Hotels},
  url      = {http://www.sciencedirect.com/science/article/pii/S0278431916305151},
}

@Article{GUO2017467,
  author   = {Yue Guo and Stuart J. Barnes and Qiong Jia},
  title    = {Mining meaning from online ratings and reviews: Tourist satisfaction analysis using latent dirichlet allocation},
  journal  = {Tourism Management},
  year     = {2017},
  volume   = {59},
  number   = {Supplement C},
  pages    = {467 - 483},
  issn     = {0261-5177},
  doi      = {https://doi.org/10.1016/j.tourman.2016.09.009},
  keywords = {Online reviews, Visitor satisfaction, Data mining, Latent dirichlet analysis, Perceptual mapping},
  url      = {http://www.sciencedirect.com/science/article/pii/S0261517716301698},
}

@Article{LIU2017554,
  author   = {Yong Liu and Thorsten Teichert and Matti Rossi and Hongxiu Li and Feng Hu},
  title    = {Big data for big insights: Investigating language-specific drivers of hotel satisfaction with 412,784 user-generated reviews},
  journal  = {Tourism Management},
  year     = {2017},
  volume   = {59},
  number   = {Supplement C},
  pages    = {554 - 563},
  issn     = {0261-5177},
  doi      = {https://doi.org/10.1016/j.tourman.2016.08.012},
  keywords = {Big data, Satisfaction, Hotel, Online reviews, User-generated review, TripAdvisor},
  url      = {http://www.sciencedirect.com/science/article/pii/S0261517716301534},
}

@Article{XIANG2015120,
  author   = {Zheng Xiang and Zvi Schwartz and John H. Gerdes and Muzaffer Uysal},
  title    = {What can big data and text analytics tell us about hotel guest experience and satisfaction?},
  journal  = {International Journal of Hospitality Management},
  year     = {2015},
  volume   = {44},
  number   = {Supplement C},
  pages    = {120 - 130},
  issn     = {0278-4319},
  doi      = {https://doi.org/10.1016/j.ijhm.2014.10.013},
  keywords = {Big data, Text analytics, Guest experience, Satisfaction, Hotel management},
  url      = {http://www.sciencedirect.com/science/article/pii/S0278431914001698},
}

@Article{FUCHS2014198,
  author   = {Matthias Fuchs and Wolfram Höpken and Maria Lexhagen},
  title    = {Big data analytics for knowledge generation in tourism destinations – A case from Sweden},
  journal  = {Journal of Destination Marketing \& Management},
  year     = {2014},
  volume   = {3},
  number   = {4},
  pages    = {198 - 209},
  issn     = {2212-571X},
  doi      = {https://doi.org/10.1016/j.jdmm.2014.08.002},
  keywords = {Big data analytics, Tourism destination, Destination management information system, Business intelligence, Data mining, Online Analytical Processing (OLAP)},
  url      = {http://www.sciencedirect.com/science/article/pii/S2212571X14000353},
}

@Article{Williams201787,
  author          = {Williams, N.L. and Inversini, A. and Ferdinand, N. and Buhalis, D.},
  title           = {Destination eWOM: A macro and meso network approach?},
  journal         = {Annals of Tourism Research},
  year            = {2017},
  volume          = {64},
  pages           = {87-101},
  note            = {cited By 0},
  affiliation     = {Department of Leadership, Strategy and Organisations, Faculty of Management, Talbot Campus, Bournemouth University, United Kingdom; Henley Business School, Greenlands Campus, University of Reading, Henley-on-Thames, United Kingdom; Department of Events and Leisure, Faculty of Management, Talbot Campus, Bournemouth University, United Kingdom; Department of Tourism & Hospitality, Faculty of Management, Talbot Campus, Bournemouth University, United Kingdom},
  author_keywords = {Destination eWOM; Digital marketing; eWOM; Social media; Social network analysis; Text analysis; Twitter},
  document_type   = {Article},
  doi             = {10.1016/j.annals.2017.02.007},
  source          = {Scopus},
  url             = {https://www.scopus.com/inward/record.uri?eid=2-s2.0-85015696520&doi=10.1016%2fj.annals.2017.02.007&partnerID=40&md5=74927d25b5fa80113c656c9736627142},
}

@InProceedings{Shafiee16,
  author    = {S. Shafiee and A. R. Ghatari},
  title     = {Big data in tourism industry},
  booktitle = {2016 10th International Conference on e-Commerce in Developing Countries: with focus on e-Tourism (ECDC)},
  year      = {2016},
  pages     = {1-7},
  address   = {Isfahan, Iran},
  month     = {April},
  publisher = {IEEE},
  doi       = {10.1109/ECDC.2016.7492979},
  keywords  = {Big Data;Internet;cultural aspects;data analysis;travel industry;Big Data analysis;Internet;Web development;behavioral patterns;cultural relations;data sources;decision-making;digital age;economic development;information management;smart travel;socioeconomic phenomenon;strategic approach;tourism industry;Advertising;Big data;Companies;Industries;Media;Social network services;Big data;Tourism;Tourism Destination Image (TDI)},
}

@Article{MIAH2017,
  author   = {Shah Jahan Miah and Huy Quan Vu and John Gammack and Michael McGrath},
  title    = {A Big Data Analytics Method for Tourist Behaviour Analysis},
  journal  = {Information \& Management},
  year     = {2017},
  volume   = {54},
  number   = {6},
  pages    = {771 - 785},
  issn     = {0378-7206},
  note     = {Smart Tourism: Traveler, Business, and Organizational Perspectives},
  doi      = {https://doi.org/10.1016/j.im.2016.11.011},
  keywords = {Tourism destination management, Tourist behaviour, Big data, Predictive analytics, Strategic decision support},
  url      = {http://www.sciencedirect.com/science/article/pii/S0378720616303573},
}

@Book{chung2009,
  title     = {Virtual travel community: bridging travellers and locals},
  publisher = {IGI Global},
  year      = {2009},
  author    = {Chung, Jin and Buhalis, Dimitrios},
  address   = {USA},
  isbn      = {9781605668185},
  chapter   = {Chapter 8},
  date      = {2010-08-11},
  ean       = {9781605668185},
  journal   = {Tourism Informatics: Visual Travel Recommender Systems, Social Communities, and User Interface Design. Hershey: Information Science Reference},
  pages     = {130-144},
  pagetotal = {356},
  url       = {http://www.ebook.de/de/product/8468470/tourism_informatics_visual_travel_recommender_systems_social_communities_and_user_interface_design.html},
}

@TechReport{akerkar2012,
  author      = {Akerkar, Rajendra},
  title       = {Big Data \& Tourism},
  institution = {Technomathmatics Research Foundation},
  year        = {2012},
}

@Article{kurashima2013travel,
  author    = {Kurashima, Takeshi and Iwata, Tomoharu and Irie, Go and Fujimura, Ko},
  title     = {Travel route recommendation using geotagged photos},
  journal   = {Knowledge and information systems},
  year      = {2013},
  volume    = {37},
  number    = {1},
  pages     = {37--60},
  publisher = {Springer},
}

@Misc{statistica17a,
  author = {{Statistica}},
  title  = {Travelers who consult social media when travel planning in the United States as of April 2014, by age group},
  year   = {2014},
  note   = {accessed 2017},
  url    = {https://www.statista.com/statistics/305150/travelers-using-social-media-for-travel-planning-by-age-us/},
}

@Comment{jabref-meta: databaseType:bibtex;}
